@article{bromley1993siamesesignature,
  title={Signature verification using a “Siamese” time delay neural network},
  author={Bromley, Jane and Bentz, James W and Bottou, L{\'e}on and Guyon, Isabelle and LeCun, Yann and Moore, Cliff and S{\"a}ckinger, Eduard and Shah, Roopak},
  journal={International Journal of Pattern Recognition and Artificial Intelligence},
  volume={7},
  number={04},
  pages={669--688},
  year={1993},
  publisher={World Scientific}
}
%3d semantic segmenattion%
@article{liu20233d,
  title={3D Open-vocabulary Segmentation with Foundation Models},
  author={Liu, Kunhao and Zhan, Fangneng and Zhang, Jiahui and Xu, Muyu and Yu, Yingchen and Saddik, Abdulmotaleb El and Theobalt, Christian and Xing, Eric and Lu, Shijian},
  journal={arXiv preprint arXiv:2305.14093},
  year={2023}
}

%Unsupervised Semantic segmenatation for context regarding weak supervision dues to expensive annotation
@article{hamilton2022unsupervised,
  title={Unsupervised semantic segmentation by distilling feature correspondences},
  author={Hamilton, Mark and Zhang, Zhoutong and Hariharan, Bharath and Snavely, Noah and Freeman, William T},
  journal={arXiv preprint arXiv:2203.08414},
  year={2022}
}
@inproceedings{zlateski2018importance,
  title={On the importance of label quality for semantic segmentation},
  author={Zlateski, Aleksandar and Jaroensri, Ronnachai and Sharma, Prafull and Durand, Fr{\'e}do},
  booktitle={Proceedings of the IEEE Conference on Computer Vision and Pattern Recognition},
  pages={1479--1487},
  year={2018}
}
%GroupViT
@inproceedings{xu2022groupvit,
  title={Groupvit: Semantic segmentation emerges from text supervision},
  author={Xu, Jiarui and De Mello, Shalini and Liu, Sifei and Byeon, Wonmin and Breuel, Thomas and Kautz, Jan and Wang, Xiaolong},
  booktitle={Proceedings of the IEEE/CVF Conference on Computer Vision and Pattern Recognition},
  pages={18134--18144},
  year={2022}
}

%MaskFormer
@article{cheng2021per,
  title={Per-pixel classification is not all you need for semantic segmentation},
  author={Cheng, Bowen and Schwing, Alex and Kirillov, Alexander},
  journal={Advances in Neural Information Processing Systems},
  volume={34},
  pages={17864--17875},
  year={2021}
}

% Visual representation
@article{buhmann1999image,
  title={Image recognition: Visual grouping, recognition, and learning},
  author={Buhmann, Joachim M and Malik, Jitendra and Perona, Pietro},
  journal={Proceedings of the National Academy of Sciences},
  volume={96},
  number={25},
  pages={14203--14204},
  year={1999},
  publisher={National Acad Sciences}
}

@article{zhu1997prior,
  title={Prior learning and Gibbs reaction-diffusion},
  author={Zhu, Song Chun and Mumford, David},
  journal={IEEE Transactions on Pattern Analysis and Machine Intelligence},
  volume={19},
  number={11},
  pages={1236--1250},
  year={1997},
  publisher={IEEE}
}

%NLTK
@article{loper2002nltk,
  title={Nltk: The natural language toolkit},
  author={Loper, Edward and Bird, Steven},
  journal={arXiv preprint cs/0205028},
  year={2002}
}
%Semantic Segmentation

%FCN for SS
@inproceedings{long2015fully,
  title={Fully convolutional networks for semantic segmentation},
  author={Long, Jonathan and Shelhamer, Evan and Darrell, Trevor},
  booktitle={Proceedings of the IEEE conference on computer vision and pattern recognition},
  pages={3431--3440},
  year={2015}
}
%Transformer for SS
@inproceedings{strudel2021segmenter,
  title={Segmenter: Transformer for semantic segmentation},
  author={Strudel, Robin and Garcia, Ricardo and Laptev, Ivan and Schmid, Cordelia},
  booktitle={Proceedings of the IEEE/CVF international conference on computer vision},
  pages={7262--7272},
  year={2021}
}

@article{kingma2014adam,
  title={Adam: A method for stochastic optimization},
  author={Kingma, Diederik and Ba, Jimmy},
  journal={arXiv preprint arXiv:1412.6980},
  year={2014}
}

@inproceedings{kolesnikov2020big,
  title={Big transfer (bit): General visual representation learning},
  author={Kolesnikov, Alexander and Beyer, Lucas and Zhai, Xiaohua and Puigcerver, Joan and Yung, Jessica and Gelly, Sylvain and Houlsby, Neil},
  booktitle={Computer Vision--ECCV 2020: 16th European Conference, Glasgow, UK, August 23--28, 2020, Proceedings, Part V 16},
  pages={491--507},
  year={2020},
  organization={Springer}
}

@article{touvron2019fixing,
  title={Fixing the train-test resolution discrepancy},
  author={Touvron, Hugo and Vedaldi, Andrea and Douze, Matthijs and J{\'e}gou, Herv{\'e}},
  journal={Advances in neural information processing systems},
  volume={32},
  year={2019}
}

%LIMA
@article{zhou2023lima,
  title={Lima: Less is more for alignment},
  author={Zhou, Chunting and Liu, Pengfei and Xu, Puxin and Iyer, Srini and Sun, Jiao and Mao, Yuning and Ma, Xuezhe and Efrat, Avia and Yu, Ping and Yu, Lili and others},
  journal={arXiv preprint arXiv:2305.11206},
  year={2023}
}

%COCO dataset
@inproceedings{lin2014microsoft,
  title={Microsoft coco: Common objects in context},
  author={Lin, Tsung-Yi and Maire, Michael and Belongie, Serge and Hays, James and Perona, Pietro and Ramanan, Deva and Doll{\'a}r, Piotr and Zitnick, C Lawrence},
  booktitle={Computer Vision--ECCV 2014: 13th European Conference, Zurich, Switzerland, September 6-12, 2014, Proceedings, Part V 13},
  pages={740--755},
  year={2014},
  organization={Springer}
}
%Weakly supervised semantic segmentation
@inproceedings{ahn2018learning,
  title={Learning pixel-level semantic affinity with image-level supervision for weakly supervised semantic segmentation},
  author={Ahn, Jiwoon and Kwak, Suha},
  booktitle={Proceedings of the IEEE conference on computer vision and pattern recognition},
  pages={4981--4990},
  year={2018}
}
@inproceedings{wang2020self,
  title={Self-supervised equivariant attention mechanism for weakly supervised semantic segmentation},
  author={Wang, Yude and Zhang, Jie and Kan, Meina and Shan, Shiguang and Chen, Xilin},
  booktitle={Proceedings of the IEEE/CVF conference on computer vision and pattern recognition},
  pages={12275--12284},
  year={2020}
}
@inproceedings{chang2020weakly,
  title={Weakly-supervised semantic segmentation via sub-category exploration},
  author={Chang, Yu-Ting and Wang, Qiaosong and Hung, Wei-Chih and Piramuthu, Robinson and Tsai, Yi-Hsuan and Yang, Ming-Hsuan},
  booktitle={Proceedings of the IEEE/CVF Conference on Computer Vision and Pattern Recognition},
  pages={8991--9000},
  year={2020}
}
@inproceedings{sun2020mining,
  title={Mining cross-image semantics for weakly supervised semantic segmentation},
  author={Sun, Guolei and Wang, Wenguan and Dai, Jifeng and Van Gool, Luc},
  booktitle={Computer Vision--ECCV 2020: 16th European Conference, Glasgow, UK, August 23--28, 2020, Proceedings, Part II 16},
  pages={347--365},
  year={2020},
  organization={Springer}
}
@inproceedings{shimoda2019self,
  title={Self-supervised difference detection for weakly-supervised semantic segmentation},
  author={Shimoda, Wataru and Yanai, Keiji},
  booktitle={Proceedings of the IEEE/CVF International Conference on Computer Vision},
  pages={5208--5217},
  year={2019}
}
%point annotation in weakly supervised segmentation
@inproceedings{bearman2016s,
  title={What’s the point: Semantic segmentation with point supervision},
  author={Bearman, Amy and Russakovsky, Olga and Ferrari, Vittorio and Fei-Fei, Li},
  booktitle={European conference on computer vision},
  pages={549--565},
  year={2016},
  organization={Springer}
}
%Scribble level annotation
@inproceedings{lin2016scribblesup,
  title={Scribblesup: Scribble-supervised convolutional networks for semantic segmentation},
  author={Lin, Di and Dai, Jifeng and Jia, Jiaya and He, Kaiming and Sun, Jian},
  booktitle={Proceedings of the IEEE conference on computer vision and pattern recognition},
  pages={3159--3167},
  year={2016}
}
@inproceedings{vernaza2017learning,
  title={Learning random-walk label propagation for weakly-supervised semantic segmentation},
  author={Vernaza, Paul and Chandraker, Manmohan},
  booktitle={Proceedings of the IEEE conference on computer vision and pattern recognition},
  pages={7158--7166},
  year={2017}
}
%Object detection level annotation
@inproceedings{papandreou2015weakly,
  title={Weakly-and semi-supervised learning of a deep convolutional network for semantic image segmentation},
  author={Papandreou, George and Chen, Liang-Chieh and Murphy, Kevin P and Yuille, Alan L},
  booktitle={Proceedings of the IEEE international conference on computer vision},
  pages={1742--1750},
  year={2015}
}
@inproceedings{dai2015boxsup,
  title={Boxsup: Exploiting bounding boxes to supervise convolutional networks for semantic segmentation},
  author={Dai, Jifeng and He, Kaiming and Sun, Jian},
  booktitle={Proceedings of the IEEE international conference on computer vision},
  pages={1635--1643},
  year={2015}
}
@inproceedings{khoreva2017simple,
  title={Simple does it: Weakly supervised instance and semantic segmentation},
  author={Khoreva, Anna and Benenson, Rodrigo and Hosang, Jan and Hein, Matthias and Schiele, Bernt},
  booktitle={Proceedings of the IEEE conference on computer vision and pattern recognition},
  pages={876--885},
  year={2017}
}
%Region proposal network for mask proposal for object detection box annotation
@article{uijlings2013selective,
  title={Selective search for object recognition},
  author={Uijlings, Jasper RR and Van De Sande, Koen EA and Gevers, Theo and Smeulders, Arnold WM},
  journal={International journal of computer vision},
  volume={104},
  pages={154--171},
  year={2013},
  publisher={Springer}
}

%Text supervision
@inproceedings{ghiasi2022scaling,
  title={Scaling open-vocabulary image segmentation with image-level labels},
  author={Ghiasi, Golnaz and Gu, Xiuye and Cui, Yin and Lin, Tsung-Yi},
  booktitle={European Conference on Computer Vision},
  pages={540--557},
  year={2022},
  organization={Springer}
}
@inproceedings{xu2022simple,
  title={A simple baseline for open-vocabulary semantic segmentation with pre-trained vision-language model},
  author={Xu, Mengde and Zhang, Zheng and Wei, Fangyun and Lin, Yutong and Cao, Yue and Hu, Han and Bai, Xiang},
  booktitle={European Conference on Computer Vision},
  pages={736--753},
  year={2022},
  organization={Springer}
}
@article{zabari2021semantic,
  title={Semantic segmentation in-the-wild without seeing any segmentation examples},
  author={Zabari, Nir and Hoshen, Yedid},
  journal={arXiv preprint arXiv:2112.03185},
  year={2021}
}
@inproceedings{zhou2022extract,
  title={Extract free dense labels from clip},
  author={Zhou, Chong and Loy, Chen Change and Dai, Bo},
  booktitle={European Conference on Computer Vision},
  pages={696--712},
  year={2022},
  organization={Springer}
}

%CLIP 
@inproceedings{radford2021learning,
  title={Learning transferable visual models from natural language supervision},
  author={Radford, Alec and Kim, Jong Wook and Hallacy, Chris and Ramesh, Aditya and Goh, Gabriel and Agarwal, Sandhini and Sastry, Girish and Askell, Amanda and Mishkin, Pamela and Clark, Jack and others},
  booktitle={International conference on machine learning},
  pages={8748--8763},
  year={2021},
  organization={PMLR}
}

%ALIGN
@inproceedings{jia2021scaling,
  title={Scaling up visual and vision-language representation learning with noisy text supervision},
  author={Jia, Chao and Yang, Yinfei and Xia, Ye and Chen, Yi-Ting and Parekh, Zarana and Pham, Hieu and Le, Quoc and Sung, Yun-Hsuan and Li, Zhen and Duerig, Tom},
  booktitle={International conference on machine learning},
  pages={4904--4916},
  year={2021},
  organization={PMLR}
}
%Visual Grouping
@article{wertheimer1938laws,
  title={Laws of organization in perceptual forms.},
  author={Wertheimer, Max},
  year={1938},
  publisher={Kegan Paul, Trench, Trubner \& Company}
}

%Datasets
%CC12M
@inproceedings{changpinyo2021conceptual,
  title={Conceptual 12m: Pushing web-scale image-text pre-training to recognize long-tail visual concepts},
  author={Changpinyo, Soravit and Sharma, Piyush and Ding, Nan and Soricut, Radu},
  booktitle={Proceedings of the IEEE/CVF Conference on Computer Vision and Pattern Recognition},
  pages={3558--3568},
  year={2021}
}
%YFCC
@article{thomee2016yfcc100m,
  title={YFCC100M: The new data in multimedia research},
  author={Thomee, Bart and Shamma, David A and Friedland, Gerald and Elizalde, Benjamin and Ni, Karl and Poland, Douglas and Borth, Damian and Li, Li-Jia},
  journal={Communications of the ACM},
  volume={59},
  number={2},
  pages={64--73},
  year={2016},
  publisher={ACM New York, NY, USA}
}

%Pascal Context
@inproceedings{mottaghi2014role,
  title={The role of context for object detection and semantic segmentation in the wild},
  author={Mottaghi, Roozbeh and Chen, Xianjie and Liu, Xiaobai and Cho, Nam-Gyu and Lee, Seong-Whan and Fidler, Sanja and Urtasun, Raquel and Yuille, Alan},
  booktitle={Proceedings of the IEEE conference on computer vision and pattern recognition},
  pages={891--898},
  year={2014}
}

%Pascal Voc 2012
@article{everinghamc,
  title={C., Winn, J., \& Zisserman, A.(2010)},
  author={Everingham, Mark and Van Gool, L and KI, Williams},
  journal={The PASCAL Visual Object Classes (VOC) Challenge},
  pages={303--338},
  year={2010}
}
%COCO
%caption
@article{chen2015microsoft,
  title={Microsoft coco captions: Data collection and evaluation server},
  author={Chen, Xinlei and Fang, Hao and Lin, Tsung-Yi and Vedantam, Ramakrishna and Gupta, Saurabh and Doll{\'a}r, Piotr and Zitnick, C Lawrence},
  journal={arXiv preprint arXiv:1504.00325},
  year={2015}
}
%ADE20K
@inproceedings{zhou2017scene,
  title={Scene parsing through ade20k dataset},
  author={Zhou, Bolei and Zhao, Hang and Puig, Xavier and Fidler, Sanja and Barriuso, Adela and Torralba, Antonio},
  booktitle={Proceedings of the IEEE conference on computer vision and pattern recognition},
  pages={633--641},
  year={2017}
}
%panoptic
@inproceedings{kirillov2019panoptic,
  title={Panoptic segmentation},
  author={Kirillov, Alexander and He, Kaiming and Girshick, Ross and Rother, Carsten and Doll{\'a}r, Piotr},
  booktitle={Proceedings of the IEEE/CVF conference on computer vision and pattern recognition},
  pages={9404--9413},
  year={2019}
}
%OVSegmentator
@inproceedings{xu2023learning,
  title={Learning open-vocabulary semantic segmentation models from natural language supervision},
  author={Xu, Jilan and Hou, Junlin and Zhang, Yuejie and Feng, Rui and Wang, Yi and Qiao, Yu and Xie, Weidi},
  booktitle={Proceedings of the IEEE/CVF Conference on Computer Vision and Pattern Recognition},
  pages={2935--2944},
  year={2023}
}
%SLOt-attention
@article{locatello2020object,
  title={Object-centric learning with slot attention},
  author={Locatello, Francesco and Weissenborn, Dirk and Unterthiner, Thomas and Mahendran, Aravindh and Heigold, Georg and Uszkoreit, Jakob and Dosovitskiy, Alexey and Kipf, Thomas},
  journal={Advances in Neural Information Processing Systems},
  volume={33},
  pages={11525--11538},
  year={2020}
}
%BERT
@article{devlin2018bert,
  title={Bert: Pre-training of deep bidirectional transformers for language understanding},
  author={Devlin, Jacob and Chang, Ming-Wei and Lee, Kenton and Toutanova, Kristina},
  journal={arXiv preprint arXiv:1810.04805},
  year={2018}
}

%ImgeNet
@inproceedings{deng2009imagenet,
  title={Imagenet: A large-scale hierarchical image database},
  author={Deng, Jia and Dong, Wei and Socher, Richard and Li, Li-Jia and Li, Kai and Fei-Fei, Li},
  booktitle={2009 IEEE conference on computer vision and pattern recognition},
  pages={248--255},
  year={2009},
  organization={Ieee}
}
%BookCorpus
@inproceedings{zhu2015aligning,
  title={Aligning books and movies: Towards story-like visual explanations by watching movies and reading books},
  author={Zhu, Yukun and Kiros, Ryan and Zemel, Rich and Salakhutdinov, Ruslan and Urtasun, Raquel and Torralba, Antonio and Fidler, Sanja},
  booktitle={Proceedings of the IEEE international conference on computer vision},
  pages={19--27},
  year={2015}
}
%KNN
@article{cover1967nearest,
  title={Nearest neighbor pattern classification},
  author={Cover, Thomas and Hart, Peter},
  journal={IEEE transactions on information theory},
  volume={13},
  number={1},
  pages={21--27},
  year={1967},
  publisher={IEEE}
}
%TIER Loss
@article{palepu2022tier,
  title={TIER: Text-Image Entropy Regularization for CLIP-style models},
  author={Palepu, Anil and Beam, Andrew L},
  journal={arXiv preprint arXiv:2212.06710},
  year={2022}
}
%GLIP
% #add code repositor used to extract grid features of clip
% https://github.com/jianjieluo/OpenAI-CLIP-Feature

%PACL
@inproceedings{mukhoti2023open,
  title={Open vocabulary semantic segmentation with patch aligned contrastive learning},
  author={Mukhoti, Jishnu and Lin, Tsung-Yu and Poursaeed, Omid and Wang, Rui and Shah, Ashish and Torr, Philip HS and Lim, Ser-Nam},
  booktitle={Proceedings of the IEEE/CVF Conference on Computer Vision and Pattern Recognition},
  pages={19413--19423},
  year={2023}
}

%InfoNCE Loss
@article{oord2018representation,
  title={Representation learning with contrastive predictive coding},
  author={Oord, Aaron van den and Li, Yazhe and Vinyals, Oriol},
  journal={arXiv preprint arXiv:1807.03748},
  year={2018}
}
#Gumbel Softmax
@article{jang2016categorical,
  title={Categorical reparameterization with gumbel-softmax},
  author={Jang, Eric and Gu, Shixiang and Poole, Ben},
  journal={arXiv preprint arXiv:1611.01144},
  year={2016}
}

@article{maddison2016concrete,
  title={The concrete distribution: A continuous relaxation of discrete random variables},
  author={Maddison, Chris J and Mnih, Andriy and Teh, Yee Whye},
  journal={arXiv preprint arXiv:1611.00712},
  year={2016}
}

#One-hot trick
@article{van2017neural,
  title={Neural discrete representation learning},
  author={Van Den Oord, Aaron and Vinyals, Oriol and others},
  journal={Advances in neural information processing systems},
  volume={30},
  year={2017}
}

#SIFT Flow
@article{liu2010sift,
  title={Sift flow: Dense correspondence across scenes and its applications},
  author={Liu, Ce and Yuen, Jenny and Torralba, Antonio},
  journal={IEEE transactions on pattern analysis and machine intelligence},
  volume={33},
  number={5},
  pages={978--994},
  year={2010},
  publisher={IEEE}
}
#L-seg
@article{Li2022LanguagedrivenSS,
  title={Language-driven Semantic Segmentation},
  author={Boyi Li and Kilian Q. Weinberger and Serge J. Belongie and Vladlen Koltun and Ren{\'e} Ranftl},
  journal={ArXiv},
  year={2022},
  volume={abs/2201.03546},
  url={https://api.semanticscholar.org/CorpusID:245836975}
}
#OVSeg
@inproceedings{liang2023open,
  title={Open-vocabulary semantic segmentation with mask-adapted clip},
  author={Liang, Feng and Wu, Bichen and Dai, Xiaoliang and Li, Kunpeng and Zhao, Yinan and Zhang, Hang and Zhang, Peizhao and Vajda, Peter and Marculescu, Diana},
  booktitle={Proceedings of the IEEE/CVF Conference on Computer Vision and Pattern Recognition},
  pages={7061--7070},
  year={2023}
}
#GELU
@article{hendrycks2016gaussian,
  title={Gaussian error linear units (gelus)},
  author={Hendrycks, Dan and Gimpel, Kevin},
  journal={arXiv preprint arXiv:1606.08415},
  year={2016}
}

#LayeNorm
@article{qiao2019micro,
  title={Micro-batch training with batch-channel normalization and weight standardization},
  author={Qiao, Siyuan and Wang, Huiyu and Liu, Chenxi and Shen, Wei and Yuille, Alan},
  journal={arXiv preprint arXiv:1903.10520},
  year={2019}
}
#ReLU
@article{baevski2018adaptive,
  title={Adaptive input representations for neural language modeling},
  author={Baevski, Alexei and Auli, Michael},
  journal={arXiv preprint arXiv:1809.10853},
  year={2018}
}
#MLP-Mixer
@article{tolstikhin2021mlp,
  title={Mlp-mixer: An all-mlp architecture for vision},
  author={Tolstikhin, Ilya O and Houlsby, Neil and Kolesnikov, Alexander and Beyer, Lucas and Zhai, Xiaohua and Unterthiner, Thomas and Yung, Jessica and Steiner, Andreas and Keysers, Daniel and Uszkoreit, Jakob and others},
  journal={Advances in neural information processing systems},
  volume={34},
  pages={24261--24272},
  year={2021}
}

#Stude on datasets
@article{yu2018methods,
  title={Methods and datasets on semantic segmentation: A review},
  author={Yu, Hongshan and Yang, Zhengeng and Tan, Lei and Wang, Yaonan and Sun, Wei and Sun, Mingui and Tang, Yandong},
  journal={Neurocomputing},
  volume={304},
  pages={82--103},
  year={2018},
  publisher={Elsevier}
}
#STEGO
@article{hamilton2203unsupervised,
  title={Unsupervised Semantic Segmentation by Distilling Feature Correspondences. arXiv 2022},
  author={Hamilton, M and Zhang, Z and Hariharan, B and Snavely, N and Freeman, WT},
  journal={arXiv preprint arXiv:2203.08414}
}

#PICIE
@inproceedings{cho2021picie,
  title={Picie: Unsupervised semantic segmentation using invariance and equivariance in clustering},
  author={Cho, Jang Hyun and Mall, Utkarsh and Bala, Kavita and Hariharan, Bharath},
  booktitle={Proceedings of the IEEE/CVF Conference on Computer Vision and Pattern Recognition},
  pages={16794--16804},
  year={2021}
}
#SegSort
@inproceedings{hwang2019segsort,
  title={Segsort: Segmentation by discriminative sorting of segments},
  author={Hwang, Jyh-Jing and Yu, Stella X and Shi, Jianbo and Collins, Maxwell D and Yang, Tien-Ju and Zhang, Xiao and Chen, Liang-Chieh},
  booktitle={Proceedings of the IEEE/CVF International Conference on Computer Vision},
  pages={7334--7344},
  year={2019}
}
#Deep Spectral Methods
@inproceedings{melas2022deep,
  title={Deep spectral methods: A surprisingly strong baseline for unsupervised semantic segmentation and localization},
  author={Melas-Kyriazi, Luke and Rupprecht, Christian and Laina, Iro and Vedaldi, Andrea},
  booktitle={Proceedings of the IEEE/CVF Conference on Computer Vision and Pattern Recognition},
  pages={8364--8375},
  year={2022}
}


#PSPNet
@inproceedings{zhao2017pyramid,
  title={Pyramid scene parsing network},
  author={Zhao, Hengshuang and Shi, Jianping and Qi, Xiaojuan and Wang, Xiaogang and Jia, Jiaya},
  booktitle={Proceedings of the IEEE conference on computer vision and pattern recognition},
  pages={2881--2890},
  year={2017}
}

#SwIN
@inproceedings{liu2021swin,
  title={Swin transformer: Hierarchical vision transformer using shifted windows},
  author={Liu, Ze and Lin, Yutong and Cao, Yue and Hu, Han and Wei, Yixuan and Zhang, Zheng and Lin, Stephen and Guo, Baining},
  booktitle={Proceedings of the IEEE/CVF international conference on computer vision},
  pages={10012--10022},
  year={2021}
}

#Modern Segmentator
@inproceedings{chen2017rethinking,
  title={Rethinking atrous convolution for semantic image segmentation},
  author={Chen, Liang-Chieh and Papandreou, George and Schroff, Florian and Adam, Hartwig},
  booktitle={Proceedings of the IEEE conference on computer vision and pattern recognition},
  year={2017}
}

@inproceedings{fu2019dual,
  title={Dual attention network for scene segmentation},
  author={Fu, Jun and Liu, Jing and Tian, Haijie and Li, Yong and Bao, Yongjun and Fang, Zhiwei and Lu, Hanqing},
  booktitle={Proceedings of the IEEE conference on computer vision and pattern recognition},
  year={2019}
}

@inproceedings{yuan2018ocnet,
  title={Ocnet: Object context network for scene parsing},
  author={Yuan, Yuhui and Wang, Jingdong},
  booktitle={Proceedings of the IEEE Conference on Computer Vision and Pattern Recognition},
  year={2018}
}

@inproceedings{huang2019ccnet,
  title={Ccnet: Criss-cross attention for semantic segmentation},
  author={Huang, Zilong and Wang, Xinggang and Huang, Lichao and Huang, Chang and Wei, Yunchao and Liu, Wenyu},
  booktitle={Proceedings of the IEEE International Conference on Computer Vision},
  year={2019}
}
@inproceedings{zheng2021rethinking,
  title={Rethinking semantic segmentation from a sequence-to-sequence perspective with transformers},
  author={Zheng, Sixiao and Lu, Jiachen and Zhao, Hengshuang and Zhu, Xiatian and Luo, Zekun and Wang, Yabiao and Fu, Yanwei and Feng, Jianfeng},
  booktitle={Proceedings of the IEEE/CVF Conference on Computer Vision and Pattern Recognition},
  year={2021}
}

#SEGCLIP
@inproceedings{luo2023segclip,
  title={Segclip: Patch aggregation with learnable centers for open-vocabulary semantic segmentation},
  author={Luo, Huaishao and Bao, Junwei and Wu, Youzheng and He, Xiaodong and Li, Tianrui},
  booktitle={International Conference on Machine Learning},
  pages={23033--23044},
  year={2023},
  organization={PMLR}
}



#Cosine Scheduler
@article{loshchilov2016sgdr,
  title={Sgdr: Stochastic gradient descent with warm restarts},
  author={Loshchilov, Ilya and Hutter, Frank},
  journal={arXiv preprint arXiv:1608.03983},
  year={2016}
}
#T-Sne
@article{van2008visualizing,
  title={Visualizing data using t-SNE.},
  author={Van der Maaten, Laurens and Hinton, Geoffrey},
  journal={Journal of machine learning research},
  volume={9},
  number={11},
  year={2008}
}
#LSTM
@article{hochreiter1997long,
  title={Long short-term memory},
  author={Hochreiter, Sepp and Schmidhuber, J{\"u}rgen},
  journal={Neural computation},
  volume={9},
  number={8},
  pages={1735--1780},
  year={1997},
  publisher={MIT press}
}
#RNN
@article{chung2014empirical,
  title={Empirical evaluation of gated recurrent neural networks on sequence modeling},
  author={Chung, Junyoung and Gulcehre, Caglar and Cho, KyungHyun and Bengio, Yoshua},
  journal={arXiv preprint arXiv:1412.3555},
  year={2014}
}

#BPE
@article{gage1994new,
  title={A new algorithm for data compression},
  author={Gage, Philip},
  journal={C Users Journal},
  volume={12},
  number={2},
  pages={23--38},
  year={1994},
  publisher={McPherson, KS: R \& D Publications, c1987-1994.}
}
#WordPiece
@article{wu2016google,
  title={Google's neural machine translation system: Bridging the gap between human and machine translation},
  author={Wu, Yonghui and Schuster, Mike and Chen, Zhifeng and Le, Quoc V and Norouzi, Mohammad and Macherey, Wolfgang and Krikun, Maxim and Cao, Yuan and Gao, Qin and Macherey, Klaus and others},
  journal={arXiv preprint arXiv:1609.08144},
  year={2016}
}